% This file was created with JabRef 2.10.
% Encoding: Cp1252


@Unpublished{Magne01,
  Title                    = {El\'iptica {M}agn\'etica {ICARE} {S}ports{A}rt {R}ehabilitaci\'on {A}sistida {C}ontrolada Inteligentemente},
  Author                   = {ACColombia},
  Note                     = {Disponible en l\'inea \verb+http://accolombia.com/eliptica-+\\
\verb+magnetica-icare-sportsart-+\\
\verb+rehabilitacion-asistida-controlada-+\\
\verb+inteligentemente/+},

  Month                    = {Enero},
  Year                     = {2015},

  Owner                    = {Pablo},
  Timestamp                = {2015.01.26},
  Url                      = {http://accolombia.com/eliptica-magnetica-icare-sportsart-rehabilitacion-asistida-controlada-inteligentemente/}
}

@Unpublished{Magne02,
  Title                    = {El\'ipticas {E}quipos de {G}imnasio},
  Author                   = {ACColombia},
  Note                     = {Disponible en l\'inea en:
\verb+http://accolombia.com/eliptica-+\\
\verb+elipticas-equipos-de-gimnasio-+\\
\verb+maquinas-de-banda/+},

  Month                    = {Enero},
  Year                     = {2015},

  Owner                    = {Pablo},
  Timestamp                = {2015.01.26},
  Url                      = {http://accolombia.com/eliptica-elipticas-equipos-de-gimnasio-maquinas-de-banda/}
}

@Unpublished{BuenaSalud01,
  Title                    = {Bicicleta El\'iptica para adelgazar},
  Author                   = {BuenaSalud},
  Note                     = {Disponible en l\'inea en 
\verb+http://www.buenasalud.net/2014/11/12+
\verb+/bicicleta-eliptica-para-adelgazar.html+},

  Month                    = {Febrero},
  Year                     = {2015},

  Language                 = {Español},
  Owner                    = {Pablo},
  Timestamp                = {2015.02.09},
  Url                      = {http://www.buenasalud.net/2014/11/12/bicicleta-eliptica-para-adelgazar.html}
}

@Book{Motores01,
  Title                    = {Instalaciones El\'ectricas B\'asicas},
  Author                   = {Juan Castillo-Pedrosa and Edgardo Bauza},
  Editor                   = {olk},
  Publisher                = {McGraw-Hill},
  Year                     = {2010},

  Owner                    = {Pablo},
  Timestamp                = {2015.02.16},
  Url                      = {http://www.mcgraw-hill.es/bcv/guide/capitulo/8448173104.pdf}
}

@Unpublished{MedirumWalking,
  Title                    = {Medirum Walking},
  Author                   = {Clim{V}alue},
  Note                     = {Cat\'alogo disponible en l\'inea en:
\verb+http://climvalue.com/index.php?route=+
\verb+product/product\&product_id=223\&search+
\verb+=medirun++\verb+walking\#prettyPhoto+},

  Month                    = {Febrero},
  Year                     = {2015},

  Owner                    = {Pablo},
  Timestamp                = {2015.02.15}
}

@Unpublished{Arnes01,
  Title                    = {Aparatolog\'ia},
  Author                   = {Comercios\&Servicios},
  Note                     = {Disponble en \verb+http://www.comerciosyservicios.com/+\\
\verb+Barcelona/Barcelona/fisiobell-centro-+\\
\verb+de-estetica-fisioterapeuta-y-osteopata-+\\
\verb+en-arroyomolinos/aemedi-venta-de-+\\
\verb+ergometros-para-deporte-entrenamiento-+\\
\verb+medicina-deportiva-rehabilitacion-y-+\\
\verb+cardiol/77293/profesional+},

  Month                    = {Enero},
  Year                     = {2015},

  Owner                    = {Pablo},
  Timestamp                = {2015.01.26},
  Url                      = {http://www.comerciosyservicios.com/Barcelona/Barcelona/fisiobell-centro-de-estetica-fisioterapeuta-y-osteopata-en-arroyomolinos/aemedi-venta-de-ergometros-para-deporte-entrenamiento-medicina-deportiva-rehabilitacion-y-cardiol/77293/profesional}
}

@Unpublished{VidaSana01,
  Title                    = {La {E}l\'iptica, una alternativa con ventajas},
  Author                   = {DeLaRosa},
  Note                     = {Disponible en \verb+http://curiosidades-vida-sana.blogspot.+\\
\verb+com/2013/06/la-elitica-una-alternativa+\\
\verb+-con-ventajas.html+},

  Month                    = {Enero},
  Year                     = {2015},

  Language                 = {Español},
  Owner                    = {Pablo},
  Timestamp                = {2015.01.25},
  Url                      = {http://curiosidades-vida-sana.blogspot.com/2013/06/la-elitica-una-alternativa-con-ventajas.html}
}

@Unpublished{SlideShareTrasPot_01,
  Title                    = {Elementos de {T}ransmisi\'on de {P}otencia {M}ec\'anica},
  Author                   = {Ver\'onica Flores},
  Note                     = {Disponible en l\'inea en:
\verb+http://es.slideshare.net/vfloresg/+
\verb+elementos-de-transmisin-de-+
\verb+potencia-mecnica+},

  Month                    = {Febrero},
  Year                     = {2015},

  Owner                    = {Pablo},
  Timestamp                = {2015.02.15},
  Url                      = {http://es.slideshare.net/vfloresg/elementos-de-transmisin-de-potencia-mecnica}
}

@Article{ElColombiano01,
  Title                    = {Sin ruta, Buses para los discapacitados},
  Author                   = {Gloria G\'omez-Ochoa},
  Journal                  = {El Colombiano},
  Year                     = {2014},

  Month                    = {Noviembre},
  Note                     = {Disponible en l\'inea en:
\verb+http://www.elcolombiano.com/sin_ruta_+
\verb+buses_para_los_discapacitados-FVEC+
\verb+_AO_4127230+},

  Owner                    = {Pablo},
  Timestamp                = {2015.02.15},
  Url                      = {http://www.elcolombiano.com/sin_ruta_buses_para_los_discapacitados-FVEC_AO_4127230}
}

@Unpublished{TiposArnes01,
  Title                    = {Equipos o sistemas de protecci\'on personal para trabajos de altura con riesgos de ca\'ida},
  Author                   = {Mar\'ia Gonz\'alez-Ort\'iz},
  Note                     = {Disponible en l\'inea en:
\verb+http://www.paritarios.cl/especial+
\verb+_epp_trabajos_en_altura2.htm+},

  Month                    = {Febrero},
  Year                     = {2015},

  HowPublished             = {Internet},
  Language                 = {Español},
  Owner                    = {Pablo},
  Timestamp                = {2015.02.15},
  Url                      = {http://www.paritarios.cl/especial_epp_trabajos_en_altura2.htm}
}

@Unpublished{CorreasTransmision01,
  Title                    = {Tutorial N\'umero 121. Correas de Transmisi\'on},
  Author                   = {IngeMec\'anica},
  Note                     = {Disponible en l\'inea: \verb+http://ingemecanica.com/+
\verb+tutorialsemanal/tutorialn121.html+},

  Month                    = {Febrero},
  Year                     = {2015},

  Owner                    = {Pablo},
  Timestamp                = {2015.02.15},
  Url                      = {http://ingemecanica.com/tutorialsemanal/tutorialn121.html}
}

@TechReport{Tesis01,
  Title                    = {Dise\~no y An\'alisis de un Chasis tipo Carcross mediante el m\'etodo de los elementos finitos},
  Author                   = {Alberto Jim\'enez-Ram\'irez},
  Institution              = {Universidad {C}arlos III de Madrid},
  Year                     = {2010},
  Month                    = {Febrero},
  Note                     = {Disponible en l\'inea en:
\verb+http://e-archivo.uc3m.es/bitstream+
\verb+/handle/10016/10964/PFC_Alberto+
\verb+_Jimenez_Ramirez.pdf?sequence=2+},

  Owner                    = {Pablo},
  Timestamp                = {2015.02.15},
  Url                      = {http://e-archivo.uc3m.es/bitstream/handle/10016/10964/PFC_Alberto_Jimenez_Ramirez.pdf?sequence=2}
}

@Unpublished{kioskea01,
  Title                    = {Bicicleta {E}l\'iptica-{V}entajas},
  Author                   = {Kioskea},
  Note                     = {Disponible en l\'inea \verb+http://salud.kioskea.net/faq/2370-bici+\\
\verb+cleta-eliptica-ventajas+},

  Month                    = {Enero},
  Year                     = {2015},

  Owner                    = {Pablo},
  Timestamp                = {2015.01.25},
  Url                      = {http://salud.kioskea.net/faq/2370-bicicleta-eliptica-ventajas}
}

@Unpublished{kioskea02,
  Title                    = {Bicicleta {E}l\'iptica {D}efinici\'on y {V}entajas},
  Author                   = {Kioskea},
  Note                     = {Disponible en l\'inea \verb+http://salud.kioskea.net/faq/1906-bici+ \\
\verb+cleta-eliptica-definicion-y-ventajas+},

  Month                    = {Enero},
  Year                     = {2015},

  Owner                    = {Pablo},
  Timestamp                = {2015.01.25},
  Url                      = {http://salud.kioskea.net/faq/1906-bicicleta-eliptica-definicion-y-ventajas}
}

@Unpublished{BandasyPoleas01,
  Title                    = {Bandas y {P}oleas},
  Author                   = {Nadie},
  Note                     = {Disponible en l\'inea en:
\verb+https://docs.google.com/document/+
\verb+d/1eMya3CrPpT5FrzdaJOCPBrIFUw+
\verb+4mDO3Cx02qI93lIsQ/edit?pli=1+},

  Month                    = {Febrero},
  Year                     = {2015},

  Owner                    = {Pablo},
  Timestamp                = {2015.02.15},
  Url                      = {https://docs.google.com/document/d/1eMya3CrPpT5FrzdaJOCPBrIFUw4mDO3Cx02qI93lIsQ/edit?pli=1}
}

@Conference{Motores02,
  Title                    = {M\'aquinas {E}l\'ectricas},
  Author                   = {Juan-Carlos P\'erez-Osorno},
  Booktitle                = {Electricidad {II} Ingenier\'ia Mec\'anica},
  Year                     = {2013},
  Organization             = {UPB},

  Owner                    = {Pablo},
  Timestamp                = {2015.02.16}
}

@Unpublished{Tradi01,
  Title                    = {M\'aquina {E}liptica},
  Author                   = {Pabbos},
  Note                     = {Disponible en \verb+http://es.pabbos.com/list/M-quina-el-+\\
\verb+ptica2+},

  Month                    = {Febrero},
  Year                     = {2015},

  Owner                    = {Pablo},
  Timestamp                = {2015.01.26},
  Url                      = {http://es.pabbos.com/list/M-quina-el-ptica2}
}

@Unpublished{rhymebus,
  Title                    = {Fitness Green Power Station},
  Author                   = {Rhyme{B}us},
  Note                     = {Disponible en l\'inea en:
\verb+http://www.rhymebus.com.tw/files_web/+
\verb+R-Rider%20Promotion%20Project%20for+
\verb+%20School01.pdf+},

  Month                    = {Febrero},
  Year                     = {2015},

  HowPublished             = {V\'ia Inernet},
  Language                 = {Inglés},
  Owner                    = {Pablo},
  Timestamp                = {2015.02.15},
  Url                      = {http://www.rhymebus.com.tw/files_web/R-Rider%20Promotion%20Project%20for%20School01.pdf}
}

@Unpublished{Vitonica01,
  Title                    = {Caminadora con Arn\'es ayuda a pacientes con ACV},
  Author                   = {Vit\'onica},
  Note                     = {Disponible en L\'inea en:
\verb+http://www.vitonica.com/equipamiento+
\verb+/caminadora-con-arnes-ayuda-a-pacientes+
\verb+-con-acv+},

  Month                    = {Febrero},
  Year                     = {2015},

  Owner                    = {Pablo},
  Timestamp                = {2015.02.15},
  Url                      = {http://www.vitonica.com/equipamiento/caminadora-con-arnes-ayuda-a-pacientes-con-acv}
}

@Unpublished{wiki001,
  Title                    = {Entrenador {E}l\'iptico},
  Author                   = {Wikipedia, {La Enciclopedia Libre}},
  Note                     = {Disponible en l\'inea \verb+http://es.wikipedia.org/wiki/+\\
\verb+Entrenador_eliptico+},

  Month                    = {Enero},
  Year                     = {2015},

  Language                 = {Español},
  Owner                    = {Pablo},
  Timestamp                = {2015.02.04},
  Url                      = {http://es.wikipedia.org/wiki/Entrenador_elíptico}
}

